%% This BibTeX bibliography file was created using BibDesk.
%% https://bibdesk.sourceforge.io/

%% Created for Luke Miratrix at 2023-04-19 13:31:22 -0400 


%% Saved with string encoding Unicode (UTF-8) 



@article{schochet2021design,
	Author = {Schochet, Peter Z and Pashley, Nicole E and Miratrix, Luke W and Kautz, Tim},
	Date-Added = {2023-04-19 17:31:16 +0000},
	Date-Modified = {2023-04-19 17:31:16 +0000},
	Journal = {Journal of the American Statistical Association},
	Pages = {1--12},
	Publisher = {Taylor \& Francis},
	Title = {Design-based ratio estimators and central limit theorems for clustered, blocked RCTs},
	Year = {2021}}

@article{Schochet:clusterRCT,
	Author = {Schochet, Peter Z},
	Date-Added = {2023-03-15 19:33:46 +0000},
	Date-Modified = {2023-03-15 19:33:59 +0000},
	Doi = {10.3102/1076998611432176},
	Issn = {1076-9986},
	Journal = {Journal of Educational and Behavioral Statistics},
	Keywords = {AZFile,clustered trials},
	Language = {English},
	Local-Url = {file://localhost/Users/lmiratrix/Documents/Papers%20Library/Schochet/Journal%20of%20Educational%20and%20Behavioral%20Statistics_Schochet_1.pdf},
	Month = {06},
	Note = {Good illustration of using the Neyman model for understanding other procedures.},
	Number = {3},
	Pages = {219 -- 238},
	Title = {{Estimators for Clustered Education RCTs Using the Neyman Model for Causal Inference}},
	Url = {http://jeb.sagepub.com/cgi/doi/10.3102/1076998611432176},
	Volume = {38},
	Year = {2013},
	Bdsk-File-1 = {YnBsaXN0MDDUAQIDBAUGBwpYJHZlcnNpb25ZJGFyY2hpdmVyVCR0b3BYJG9iamVjdHMSAAGGoF8QD05TS2V5ZWRBcmNoaXZlctEICVRyb290gAGnCwwXGBkaG1UkbnVsbNMNDg8QExZXTlMua2V5c1pOUy5vYmplY3RzViRjbGFzc6IREoACgAOiFBWABIAFgAZccmVsYXRpdmVQYXRoWWFsaWFzRGF0YV8QcC4uLy4uLy4uLy4uLy4uL0RvY3VtZW50cy9QYXBlcnMgTGlicmFyeS9TY2hvY2hldC9Kb3VybmFsIG9mIEVkdWNhdGlvbmFsIGFuZCBCZWhhdmlvcmFsIFN0YXRpc3RpY3NfU2Nob2NoZXRfMS5wZGZPEQI+AAAAAAI+AAIAAApodWxsdXBhZHVwAAAAAAAAAAAAAAAAAAAAAAAAAAAAQkQAAf////8fSm91cm5hbCBvZiBFZHVjYXRpI0ZGRkZGRkZGLnBkZgAAAAAAAAAAAAAAAAAAAAAAAAAAAAAAAAAAAAAAAAAA/////wAAAAAAAAAAAAAAAAAFAAQAAAogY3UAAAAAAAAAAAAAAAAACFNjaG9jaGV0AAIAcy86VXNlcnM6bG1pcmF0cml4OkRvY3VtZW50czpQYXBlcnMgTGlicmFyeTpTY2hvY2hldDpKb3VybmFsIG9mIEVkdWNhdGlvbmFsIGFuZCBCZWhhdmlvcmFsIFN0YXRpc3RpY3NfU2Nob2NoZXRfMS5wZGYAAA4AgAA/AEoAbwB1AHIAbgBhAGwAIABvAGYAIABFAGQAdQBjAGEAdABpAG8AbgBhAGwAIABhAG4AZAAgAEIAZQBoAGEAdgBpAG8AcgBhAGwAIABTAHQAYQB0AGkAcwB0AGkAYwBzAF8AUwBjAGgAbwBjAGgAZQB0AF8AMQAuAHAAZABmAA8AFgAKAGgAdQBsAGwAdQBwAGEAZAB1AHAAEgBxVXNlcnMvbG1pcmF0cml4L0RvY3VtZW50cy9QYXBlcnMgTGlicmFyeS9TY2hvY2hldC9Kb3VybmFsIG9mIEVkdWNhdGlvbmFsIGFuZCBCZWhhdmlvcmFsIFN0YXRpc3RpY3NfU2Nob2NoZXRfMS5wZGYAABMAAS8AABUAAgAQ//8AANIcHR4fWiRjbGFzc25hbWVYJGNsYXNzZXNcTlNEaWN0aW9uYXJ5oh4gWE5TT2JqZWN0AAgAEQAaACQAKQAyADcASQBMAFEAUwBbAGEAaABwAHsAggCFAIcAiQCMAI4AkACSAJ8AqQEcA14DYwNuA3cDhAOHAAAAAAAAAgEAAAAAAAAAIQAAAAAAAAAAAAAAAAAAA5A=},
	Bdsk-Url-1 = {http://jeb.sagepub.com/cgi/doi/10.3102/1076998611432176},
	Bdsk-Url-2 = {https://doi.org/10.3102/1076998611432176}}

@manuscript{estimatr,
	Author = {Graeme Blair and Jasper Cooper and Alexander Coppock and Macartan Humphreys and Luke Sonnet},
	Note = {R package version 1.0.0},
	Title = {estimatr: Fast Estimators for Design-Based Inference},
	Url = {https://CRAN.R-project.org/package=estimatr},
	Year = {2022},
	Bdsk-Url-1 = {https://CRAN.R-project.org/package=estimatr}}

@article{miratrix2021applied,
	Author = {Miratrix, Luke W and Weiss, Michael J and Henderson, Brit},
	Date-Added = {2023-03-15 19:01:52 +0000},
	Date-Modified = {2023-03-15 19:01:52 +0000},
	Journal = {Journal of Research on Educational Effectiveness},
	Number = {1},
	Pages = {270--308},
	Publisher = {Taylor \& Francis},
	Title = {An applied researcher's guide to estimating effects from multisite individually randomized trials: Estimands, estimators, and estimates},
	Volume = {14},
	Year = {2021}}

@article{Middleton_clusterRCT,
	Author = {Middleton, Joel A and Aronow, Peter M},
	Date-Added = {2023-03-15 19:00:43 +0000},
	Date-Modified = {2023-03-15 19:00:43 +0000},
	Doi = {10.1515/spp-2013-0002},
	Keywords = {randomization inference},
	Local-Url = {file://localhost/Users/lmiratrix/Documents/Papers%20Library/Middleton/Middleton_2015.pdf},
	Month = {00},
	Number = {1-2},
	Pages = {312},
	Title = {{Unbiased Estimation of the Average Treatment Effect in Cluster-Randomized Experiments}},
	Url = {https://www.degruyter.com/view/j/spp.2015.6.issue-1-2/spp-2013-0002/spp-2013-0002.xml},
	Volume = {6},
	Year = {2015},
	Bdsk-File-1 = {YnBsaXN0MDDUAQIDBAUGBwpYJHZlcnNpb25ZJGFyY2hpdmVyVCR0b3BYJG9iamVjdHMSAAGGoF8QD05TS2V5ZWRBcmNoaXZlctEICVRyb290gAGnCwwXGBkaG1UkbnVsbNMNDg8QExZXTlMua2V5c1pOUy5vYmplY3RzViRjbGFzc6IREoACgAOiFBWABIAFgAZccmVsYXRpdmVQYXRoWWFsaWFzRGF0YV8QRC4uLy4uLy4uLy4uLy4uL0RvY3VtZW50cy9QYXBlcnMgTGlicmFyeS9NaWRkbGV0b24vTWlkZGxldG9uXzIwMTUucGRmTxEBjgAAAAABjgACAAAKaHVsbHVwYWR1cAAAAAAAAAAAAAAAAAAAAAAAAAAAAEJEAAH/////Ek1pZGRsZXRvbl8yMDE1LnBkZgAAAAAAAAAAAAAAAAAAAAAAAAAAAAAAAAAAAAAAAAAAAAAAAAAAAAAAAAAAAP////8AAAAAAAAAAAAAAAAABQAEAAAKIGN1AAAAAAAAAAAAAAAAAAlNaWRkbGV0b24AAAIARy86VXNlcnM6bG1pcmF0cml4OkRvY3VtZW50czpQYXBlcnMgTGlicmFyeTpNaWRkbGV0b246TWlkZGxldG9uXzIwMTUucGRmAAAOACYAEgBNAGkAZABkAGwAZQB0AG8AbgBfADIAMAAxADUALgBwAGQAZgAPABYACgBoAHUAbABsAHUAcABhAGQAdQBwABIARVVzZXJzL2xtaXJhdHJpeC9Eb2N1bWVudHMvUGFwZXJzIExpYnJhcnkvTWlkZGxldG9uL01pZGRsZXRvbl8yMDE1LnBkZgAAEwABLwAAFQACABD//wAA0hwdHh9aJGNsYXNzbmFtZVgkY2xhc3Nlc1xOU0RpY3Rpb25hcnmiHiBYTlNPYmplY3QACAARABoAJAApADIANwBJAEwAUQBTAFsAYQBoAHAAewCCAIUAhwCJAIwAjgCQAJIAnwCpAPACggKHApICmwKoAqsAAAAAAAACAQAAAAAAAAAhAAAAAAAAAAAAAAAAAAACtA==},
	Bdsk-Url-1 = {https://www.degruyter.com/view/j/spp.2015.6.issue-1-2/spp-2013-0002/spp-2013-0002.xml},
	Bdsk-Url-2 = {https://doi.org/10.1515/spp-2013-0002}}
